@INPROCEEDINGS{Chalons2010,
  author = {Chalons, C. and Fox, R.O. and Massot, M.},
  title = {A multi-{G}aussian quadrature method of moments for gas-particle
	flows in a {LES} framework},
  booktitle = {Proceedings of the {S}ummer {P}rogram},
  year = {2010},
  pages = {347 -- 358},
  publisher = {Center for Turbulence Research, Stanford University}
}

@BOOK{Gau04,
  title = {Orthogonal {P}olynomials: {C}omputation and {A}pproximation},
  publisher = {Oxford University Press},
  year = {2004},
  author = {Gautchi, W.},
  address = {USA}
}

@INPROCEEDINGS{Yoon2010,
  author = {Yoon, J. and Attar, P. J. and Vedula, P.},
  title = {Non-intrusive uncertainty quantification for hypersonic flight using
	direct quadrature},
  booktitle = {A{IAA} {G}uidance, {N}avigation, and {C}ontrol {C}onference},
  year = {2010},
  number = {AIAA 2010-8171},
  month = aug
}

@ARTICLE{YuanFox2011,
  author = {Yuan, C. and Fox, R. O.},
  title = {Conditional quadrature method of moments for kinetic equations},
  journal = {Journal of Computational Physics},
  year = {2011},
  volume = {230},
  pages = {8216-8246},
  number = {22}
}

@ARTICLE{YuanLaurentFox2011,
  author = {Yuan, C. and Laurent, F. and Fox, R. O.},
  title = {An extended quadrature method of moments for population balance equations},
  journal = {Journal of Aerosol Science},
  year = {2012},
  volume = {51},
  pages = {1-23}
}

@ELECTRONIC{NumPy,
  title = {{N}um{P}y},
  howpublished = {http://www.numpy.org/},
}

@ELECTRONIC{openSUSE,
  title = {open{SUSE}},
  howpublished = {http://www.opensuse.org},
}

@ELECTRONIC{Python,
  title = {{P}ython},
  howpublished = {http://www.python.org/},
}

@ELECTRONIC{SciPy,
  title = {{S}ci{P}y},
  howpublished = {http://www.scipy.org/},
}

@ELECTRONIC{SymPy,
  title = {{S}ym{P}y},
  howpublished = {http://sympy.org/en/index.html},
}

